<?xml version="1.0" encoding="UTF-8"?>
<zs:searchRetrieveResponse xmlns:zs="http://www.loc.gov/zing/srw/">
  <zs:version>1.1</zs:version>
  <zs:numberOfRecords>6</zs:numberOfRecords>
  <zs:records>
    <zs:record>
      <zs:recordSchema/>
      <zs:recordPacking>xml</zs:recordPacking>
      <zs:recordData>
        <record xmlns="http://www.loc.gov/MARC21/slim">
          <leader>04059cam a2200313 a 4500</leader>
          <controlfield tag="001">12171716</controlfield>
          <controlfield tag="005">20160609145825.0</controlfield>
          <controlfield tag="008">000913s2001    nyu      b    001 0 eng  </controlfield>
          <datafield tag="906" ind1=" " ind2=" ">
            <subfield code="a">7</subfield>
            <subfield code="b">cbc</subfield>
            <subfield code="c">orignew</subfield>
            <subfield code="d">1</subfield>
            <subfield code="e">ocip</subfield>
            <subfield code="f">20</subfield>
            <subfield code="g">y-gencatlg</subfield>
          </datafield>
          <datafield tag="925" ind1="0" ind2=" ">
            <subfield code="a">acquire</subfield>
            <subfield code="b">1 shelf copy</subfield>
            <subfield code="x">policy default</subfield>
          </datafield>
          <datafield tag="925" ind1="1" ind2=" ">
            <subfield code="a">acquire</subfield>
            <subfield code="b">2 shelf copies</subfield>
            <subfield code="x">policy default</subfield>
          </datafield>
          <datafield tag="955" ind1=" " ind2=" ">
            <subfield code="a">pc20 to la00 09-13-00; lh02 09-18-00 whole bk. to subj. for review; lh02 09-21-00 to SL; lh09 9-25-00; to Dewey 09-25-00; aa05 09-25-00; bk rec'd, to CIP ver. ps15 06-12-01; CIP ver. pb18 to BCCD 06-14-01; c. 2 tp BCCD lk18 2002-04-03</subfield>
          </datafield>
          <datafield tag="010" ind1=" " ind2=" ">
            <subfield code="a">   00048022 </subfield>
          </datafield>
          <datafield tag="020" ind1=" " ind2=" ">
            <subfield code="a">0873527658</subfield>
          </datafield>
          <datafield tag="020" ind1=" " ind2=" ">
            <subfield code="a">0873527666 (pbk.)</subfield>
          </datafield>
          <datafield tag="040" ind1=" " ind2=" ">
            <subfield code="a">DLC</subfield>
            <subfield code="c">DLC</subfield>
            <subfield code="d">DLC</subfield>
          </datafield>
          <datafield tag="050" ind1="0" ind2="0">
            <subfield code="a">PR6045.O72</subfield>
            <subfield code="b">T663 2001</subfield>
          </datafield>
          <datafield tag="082" ind1="0" ind2="0">
            <subfield code="a">823/.912</subfield>
            <subfield code="2">21</subfield>
          </datafield>
          <datafield tag="245" ind1="0" ind2="0">
            <subfield code="a">Approaches to teaching Woolf's To the lighthouse /</subfield>
            <subfield code="c">edited by Beth Rigel Daugherty and Mary Beth Pringle.</subfield>
          </datafield>
          <datafield tag="260" ind1=" " ind2=" ">
            <subfield code="a">New York :</subfield>
            <subfield code="b">Modern Language Association of America,</subfield>
            <subfield code="c">2001.</subfield>
          </datafield>
          <datafield tag="300" ind1=" " ind2=" ">
            <subfield code="a">xiv, 211 p. ;</subfield>
            <subfield code="c">24 cm.</subfield>
          </datafield>
          <datafield tag="440" ind1=" " ind2="0">
            <subfield code="a">Approaches to teaching world literature</subfield>
          </datafield>
          <datafield tag="504" ind1=" " ind2=" ">
            <subfield code="a">Includes bibliographical references (p. [183]-205) and index.</subfield>
          </datafield>
          <datafield tag="505" ind1="8" ind2=" ">
            <subfield code="a">Machine generated contents note: PART ONE: MATERIALS Beth Rigel Daugherty -- and Mary Beth Pringle -- Introduction -- Editions -- Further Reading for Students -- Hours in a Library -- Reference Works, Bibliographies, and Resources -- Critical Reception -- Backgrounds and Foregrounds -- Teaching Aids -- PART TWO: APPROACHES -- Introduction -- How Should One Read To the Lighthouse? -- Period Reading Practices -- Teaching To the Lighthouse as a Traditional Novel -- Janis M. Paul -- "For Nothing Is Simply One Thing": Knowing the -- World in To the Lighthouse -- Mark Hussey -- Returning to the Lighthouse: A Postmodern Approach -- Pamela L. Caughie -- Close Textual Analysis -- The Language of Fabric in To the Lighthouse -- Eileen Barrett -- Reading Provisionally: Narrative Theory and -- To the Lighthouse -- Mary Pinkerton -- "Some Rope to Throw to the Reader": Teaching the -- Diverse Rhythms of To the Lighthouse -- Patricia Laurence -- Successful Classroom Strategies -- Twenty Years to the Lighthouse: A Teaching Voyage -- Annis Pratt -- Reading and Writing: Helping Students Discover -- Meaning in To the Lighthouse -- Laura Davis -- Contemporary Lenses -- Look Again: Reading To the Lighthouse from an -- Aesthetic of Likeness -- Toni A. H. McNaron -- What Teaching To the Lighthouse Taught Me about -- Reading Virginia Woolf -- Louise DeSalvo -- Reading To the Lighthouse as a Critique of the Imperial -- Jeanette McVicker -- Autobiographical Approaches -- Articulating the Questions, Searching for Answers: -- How To the Lighthouse Can Help -- Nancy Topping Bazin -- From the Dark House to the Lighthouse: The Ramsays -- as Dysfunctional Family -- Gerald T. Cobb -- Transformations: Teaching To the Lighthouse with -- Autobiographies and Family Chronicles -- Marcia McClintock Folsom -- Contextual Approaches -- To the Lighthouse and Painting -- Susan Yunis -- To the Lighthouse and the Publishing Practices -- of Virginia Woolf -- Edward Bishop -- Teaching To the Lighthouse as a Civilian War Novel -- Karen L. Levenback -- "I Have Had My Vision": Teaching To the Lighthouse -- as Kiinstlerroman -- Bonnie Braendlin -- Intertextual Approaches -- Portraits of Artists by Woolf and Joyce -- Susan Currier -- Pear Trees beyond Eden: Women's Knowing Reconfigured -- in Woolfs To the Lighthouse and Hurston's Their Eyes -- Were Watching God -- Annette Oxindine -- Compulsory Heterosexuality and the Lesbian Continuum -- in To the Lighthouse: A Women's Studies Approach -- Vara Neverow -- Notes on Contributors -- Survey Participants -- Works Cited -- Writings of Virginia Woolf -- Books and Articles -- Audiovisual Materials -- Index.</subfield>
          </datafield>
          <datafield tag="600" ind1="1" ind2="0">
            <subfield code="a">Woolf, Virginia,</subfield>
            <subfield code="d">1882-1941.</subfield>
            <subfield code="t">To the lighthouse.</subfield>
          </datafield>
          <datafield tag="600" ind1="1" ind2="0">
            <subfield code="a">Woolf, Virginia,</subfield>
            <subfield code="d">1882-1941</subfield>
            <subfield code="x">Study and teaching.</subfield>
          </datafield>
          <datafield tag="700" ind1="1" ind2=" ">
            <subfield code="a">Daugherty, Beth Rigel.</subfield>
          </datafield>
          <datafield tag="700" ind1="1" ind2=" ">
            <subfield code="a">Pringle, Mary Beth,</subfield>
            <subfield code="d">1943-</subfield>
          </datafield>
          <datafield tag="856" ind1="4" ind2="1">
            <subfield code="3">Table of contents</subfield>
            <subfield code="u">http://www.loc.gov/catdir/toc/fy02/00048022.html</subfield>
          </datafield>
        </record>
      </zs:recordData>
      <zs:recordPosition>1</zs:recordPosition>
    </zs:record>